@article{fabbrizzi2019strange,
  title={Strange case of Signor Volta and Mister Nicholson: how electrochemistry developed as a consequence of an editorial misconduct},
  author={Fabbrizzi, Luigi},
  journal={Angewandte Chemie International Edition},
  volume={58},
  number={18},
  pages={5810--5822},
  year={2019},
  publisher={Wiley Online Library}
}

@article{stock1991pathway,
  author  = {Stock, John T.},
  title   = {The Pathway to the Laws of Electrolysis},
  journal = {Bulletin for the History of Chemistry},
  volume  = {11},
  pages   = {86--92},
  year    = {1991},
  note    = {Issue 11 (Winter 1991)}
}

@book{flowers-2019,
	author = {Flowers, Paul},
	month = {2},
	title = {{Chemistry 2e}},
	year = {2019},
}