@book{euler1765theoria,
  title={Theoria motus corporum solidorum seu rigidorum},
  author={Euler, Leonhard},
  year={1765},
  publisher={AE Roser.}
}

@article{marquina2016leonhard,
  title={Leonhard Euler and the mechanics of rigid bodies},
  author={Marquina, JE and Marquina, ML and Marquina, V and Hern{\'a}ndez-G{\'o}mez, JJ},
  journal={European Journal of Physics},
  volume={38},
  number={1},
  pages={015001},
  year={2016},
  publisher={IOP Publishing},
  doi={10.1088/0143-0807/38/1/015001}
}

@article{farber-1961,
	author = {Farber, Eduard},
	journal = {Science},
	month = {5},
	number = {3463},
	pages = {1472},
	title = {{A History of Mechanics.}},
	volume = {133},
	year = {1961},
	doi = {10.1126/science.133.3463.1472.a},
	url = {https://doi.org/10.1126/science.133.3463.1472.a},
}