@misc{geeksforgeeks_data_structures,
  author = {GeeksforGeeks},
  title = {Introduction to Data Structures},
  year = {n.d.},
  url = {https://www.geeksforgeeks.org/introduction-to-data-structures/},
  note = {[Accessed April 13, 2025]},
}