@book{ItA,
title={Introduction to Algorithms},
author={Cormen, Thomas H. and Leiserson, Charles E. and Rivest, Ronald L. and Stein, Clifford},
year={2022},
publisher={MIT Press},
edition={Fourth},
isbn={9780262046305}
}